<record><leader>00000cas a22000007a 4500</leader><controlfield tag="001">9353770</controlfield><controlfield tag="008">830328d18431883ohuwr ne      0    0eng d</controlfield><controlfield tag="009">540</controlfield><datafield ind1=" " ind2=" " tag="010"><subfield code="a">sn 83045215 </subfield><subfield code="z">sn 88077030 </subfield></datafield><datafield ind1=" " ind2=" " tag="040"><subfield code="a">CRL</subfield><subfield code="b">eng</subfield><subfield code="c">CRL</subfield><subfield code="d">NPW</subfield><subfield code="d">NPV</subfield><subfield code="d">NPY</subfield><subfield code="d">NPX</subfield><subfield code="d">NPU</subfield><subfield code="d">ONP</subfield><subfield code="d">DLC</subfield><subfield code="d">OCL</subfield><subfield code="d">ONP</subfield><subfield code="d">CNK</subfield><subfield code="d">OCL</subfield><subfield code="d">DLC</subfield><subfield code="d">OCLCF</subfield></datafield><datafield ind1=" " ind2=" " tag="019"><subfield code="a">17358901</subfield></datafield><datafield ind1=" " ind2=" " tag="042"><subfield code="a">msc</subfield></datafield><datafield ind1=" " ind2=" " tag="043"><subfield code="a">n-us-oh</subfield></datafield><datafield ind1="0" ind2="0" tag="050"><subfield code="a">Newspaper</subfield></datafield><datafield ind1="0" ind2="0" tag="245"><subfield code="a">Xenia torch-light.</subfield></datafield><datafield ind1="1" ind2="0" tag="246"><subfield code="a">Xenia torch light</subfield></datafield><datafield ind1="1" ind2="0" tag="246"><subfield code="a">Xenia torchlight</subfield></datafield><datafield ind1=" " ind2=" " tag="260"><subfield code="a">Xenia, Ohio :</subfield><subfield code="b">Curry &amp; McBratney,</subfield><subfield code="c">1843-1883.</subfield></datafield><datafield ind1=" " ind2=" " tag="300"><subfield code="a">v.</subfield></datafield><datafield ind1=" " ind2=" " tag="310"><subfield code="a">Weekly</subfield></datafield><datafield ind1="0" ind2=" " tag="362"><subfield code="a">Vol. 5, no. 42 (June 22, 1843)-v. 46, no. 33 (Aug. 15, 1883).</subfield></datafield><datafield ind1=" " ind2=" " tag="500"><subfield code="a">Title varies slightly: Xenia torchlight, &lt;1867&gt;-1883.</subfield></datafield><datafield ind1=" " ind2="0" tag="651"><subfield code="a">Xenia (Ohio)</subfield><subfield code="v">Newspapers.</subfield></datafield><datafield ind1=" " ind2="0" tag="651"><subfield code="a">Greene County (Ohio)</subfield><subfield code="v">Newspapers.</subfield></datafield><datafield ind1=" " ind2="7" tag="655"><subfield code="a">Newspapers.</subfield><subfield code="2">fast</subfield><subfield code="0">(OCoLC)fst01423814</subfield></datafield><datafield ind1=" " ind2="7" tag="651"><subfield code="a">Ohio</subfield><subfield code="z">Greene County.</subfield><subfield code="2">fast</subfield><subfield code="0">(OCoLC)fst01222047</subfield></datafield><datafield ind1=" " ind2="7" tag="651"><subfield code="a">Ohio</subfield><subfield code="z">Xenia.</subfield><subfield code="2">fast</subfield><subfield code="0">(OCoLC)fst01222784</subfield></datafield><datafield ind1=" " ind2=" " tag="752"><subfield code="a">United States</subfield><subfield code="b">Ohio</subfield><subfield code="c">Greene</subfield><subfield code="d">Xenia.</subfield></datafield><datafield ind1="0" ind2="0" tag="780"><subfield code="t">Greene County torch-light (Xenia, Ohio : 1840)</subfield><subfield code="w">(DLC)sn 83045216</subfield><subfield code="w">(OCoLC)9353779</subfield></datafield><datafield ind1="0" ind2="0" tag="785"><subfield code="t">Semi-weekly torchlight</subfield><subfield code="w">(DLC)sn 88077031</subfield><subfield code="w">(OCoLC)17358905</subfield></datafield></record>